@ARTICLE{frazin_2012,
   author = {{Frazin}, R.~A. and {Lamy}, P. and {Llebaria}, A. and {V{\'a}squez}, A.~M.
	},
    title = "{Three-Dimensional Electron Density from Tomographic Analysis of LASCO-C2 Images of the K-Corona Total Brightness}",
  journal = {\solphys},
 keywords = {Solar corona, Tomography, Electron density, Thomson scattering},
     year = 2010,
    month = aug,
   volume = 265,
    pages = {19-30},
      doi = {10.1007/s11207-010-9557-9},
   adsurl = {http://adsabs.harvard.edu/abs/2010SoPh..265...19F},
  adsnote = {Provided by the SAO/NASA Astrophysics Data System}
}

@ARTICLE{landi_2016,
   author = {{Landi}, E. and {Habbal}, S.~R. and {Tomczyk}, S.},
    title = "{Coronal plasma diagnostics from ground-based observations}",
  journal = {Journal of Geophysical Research (Space Physics)},
 keywords = {solar corona},
     year = 2016,
    month = sep,
   volume = 121,
    pages = {8237-8249},
      doi = {10.1002/2016JA022598},
   adsurl = {http://adsabs.harvard.edu/abs/2016JGRA..121.8237L},
  adsnote = {Provided by the SAO/NASA Astrophysics Data System}
}

@ARTICLE{frazin_2000,
   author = {{Frazin}, R.~A.},
    title = "{Tomography of the Solar Corona. I. A Robust, Regularized, Positive Estimation Method}",
  journal = {\apj},
 keywords = {METHODS: STATISTICAL, SUN: SOLAR WIND, SUN: CORONA},
     year = 2000,
    month = feb,
   volume = 530,
    pages = {1026-1035},
      doi = {10.1086/308412},
   adsurl = {http://adsabs.harvard.edu/abs/2000ApJ...530.1026F},
  adsnote = {Provided by the SAO/NASA Astrophysics Data System}
}

@ARTICLE{frazin_2002,
   author = {{Frazin}, R.~A. and {Janzen}, P.},
    title = "{Tomography of the Solar Corona. II. Robust, Regularized, Positive Estimation of the Three-dimensional Electron Density Distribution from LASCO-C2 Polarized White-Light Images}",
  journal = {\apj},
 keywords = {Methods: Data Analysis, Sun: Corona},
     year = 2002,
    month = may,
   volume = 570,
    pages = {408-422},
      doi = {10.1086/339572},
   adsurl = {http://adsabs.harvard.edu/abs/2002ApJ...570..408F},
  adsnote = {Provided by the SAO/NASA Astrophysics Data System}
}

ï»¿@ARTICLE{altschuler_1972,
   author = {{Altschuler}, M.~D. and {Perry}, R.~M.},
    title = "{On Determining the Electron Density Distribution of the Solar Corona from K-Coronameter Data}",
  journal = {\solphys},
     year = 1972,
    month = apr,
   volume = 23,
    pages = {410-428},
      doi = {10.1007/BF00148104},
   adsurl = {http://adsabs.harvard.edu/abs/1972SoPh...23..410A},
  adsnote = {Provided by the SAO/NASA Astrophysics Data System}
}

@ARTICLE{maccormack_2017,
   author = {{Mac Cormack}, C. and {V{\'a}squez}, A.~M. and {L{\'o}pez Fuentes}, M. and 
	{Nuevo}, F.~A. and {Landi}, E. and {Frazin}, R.~A.},
    title = "{Energy Input Flux in the Global Quiet-Sun Corona}",
  journal = {\apj},
archivePrefix = "arXiv",
   eprint = {1706.00365},
 primaryClass = "astro-ph.SR",
 keywords = {Sun: corona, Sun: fundamental parameters, Sun: magnetic fields, Sun: UV radiation},
     year = 2017,
    month = jul,
   volume = 843,
      eid = {70},
    pages = {70},
      doi = {10.3847/1538-4357/aa76e9},
   adsurl = {http://adsabs.harvard.edu/abs/2017ApJ...843...70M},
  adsnote = {Provided by the SAO/NASA Astrophysics Data System}
}

@Article{Lloveras_2017,
author={Lloveras, Diego G. and V{\'a}squez, Alberto M. and Nuevo, Federico A. and Frazin, Richard A.},
title="{Comparative Study of the Three-Dimensional Thermodynamical Structure of the Inner Corona of Solar Minimum Carrington Rotations 1915 and 2081}",
journal={\solphys},
year=2017,
month=Oct,
volume=292,
number=10,
pages=153,
doi={10.1007/s11207-017-1179-z},
url={https://doi.org/10.1007/s11207-017-1179-z}
}


@ARTICLE{frazin_2009,
   author = {{Frazin}, R.~A. and {V{\'a}squez}, A.~M. and {Kamalabadi}, F.
	},
    title = "{Quantitative, Three-dimensional Analysis of the Global Corona with Multi-spacecraft Differential Emission Measure Tomography}",
  journal = {\apj},
 keywords = {Sun: corona, Sun: prominences, Sun: UV radiation},
     year = 2009,
    month = aug,
   volume = 701,
    pages = {547-560},
      doi = {10.1088/0004-637X/701/1/547},
   adsurl = {http://adsabs.harvard.edu/abs/2009ApJ...701..547F},
  adsnote = {Provided by the SAO/NASA Astrophysics Data System}
}

@ARTICLE{vasquez_2016,
   author = {{V\'asquez}, A.~M.
	},
    title = "{Seeing the solar corona in three dimensions}",
  journal = {Advances in Space Research},
 keywords = {Corona, EUV, Tomography},
     year = 2016,
    month = mar,
   volume = {57},
    pages = {1286-1293},
      doi = {10.1016/j.asr.2015.05.047},
   adsurl = {},
  adsnote = {Provided by the SAO/NASA Astrophysics Data System}
}








@ARTICLE{awsom,
   author = {{van der Holst}, B. and {Sokolov}, I.~V. and {Meng}, X. and 
	{Jin}, M. and {Manchester}, IV, W.~B. and {T{\'o}th}, G. and 
	{Gombosi}, T.~I.},
    title = "{Alfv{\'e}n Wave Solar Model (AWSoM): Coronal Heating}",
  journal = {\apj},
archivePrefix = "arXiv",
   eprint = {1311.4093},
 primaryClass = "astro-ph.SR",
 keywords = {interplanetary medium, magnetohydrodynamics: MHD, methods: numerical, solar wind, Sun: corona, waves},
     year = 2014,
    month = feb,
   volume = 782,
      eid = {81},
    pages = {81},
      doi = {10.1088/0004-637X/782/2/81},
   adsurl = {http://adsabs.harvard.edu/abs/2014ApJ...782...81V},
  adsnote = {Provided by the SAO/NASA Astrophysics Data System}
}

@ARTICLE{nuevo_2015,
   author = {{Nuevo}, F.~A. and {V{\'a}squez}, A.~M. and {Landi}, E. and 
	{Frazin}, R.},
    title = "{Multimodal Differential Emission Measure in the Solar Corona}",
  journal = {\apj},
archivePrefix = "arXiv",
   eprint = {1503.02473},
 primaryClass = "astro-ph.SR",
 keywords = {Sun: corona, Sun: UV radiation, techniques: miscellaneous},
     year = 2015,
    month = oct,
   volume = 811,
      eid = {128},
    pages = {128},
      doi = {10.1088/0004-637X/811/2/128},
   adsurl = {http://adsabs.harvard.edu/abs/2015ApJ...811..128N},
  adsnote = {Provided by the SAO/NASA Astrophysics Data System}
}

@ARTICLE{lloveras_2016,
   author = {{Lloveras}, D.~G. and {Nuevo}, F.~A. and {V{\'a}squez}, A.~M. and {Frazin}, R.~A.},
    title = "{Comparative analysis of solar minima with EUV tomography}",
  journal = {Boletin de la Asociacion Argentina de Astronomia La Plata Argentina},
 keywords = {Sun: corona, Sun: activity, Sun: UV radiation, Sun: magnetic fields},
     year = 2016,
    month = aug,
   volume = 58,
    pages = {272-274},
   adsurl = {http://adsabs.harvard.edu/abs/2016BAAA...58..272L},
  adsnote = {Provided by the SAO/NASA Astrophysics Data System}
}

@ARTICLE{huang_2012,
   author = {{Huang}, Z. and {Frazin}, R.~A. and {Landi}, E. and {Manchester},
W.~B. and 
	{V{\'a}squez}, A.~M. and {Gombosi}, T.~I.},
    title = "{Newly Discovered Global Temperature Structures in the Quiet Sun at
Solar Minimum}",
  journal = {\apj},
archivePrefix = "arXiv",
   eprint = {1207.6661},
 primaryClass = "astro-ph.SR",
 keywords = {Sun: corona, Sun: magnetic topology, Sun: UV radiation},
     year = 2012,
    month = aug,
   volume = 755,
      eid = {86},
    pages = {86-97},
      doi = {10.1088/0004-637X/755/2/86},
   adsurl = {http://adsabs.harvard.edu/abs/2012ApJ...755...86H},
  adsnote = {Provided by the SAO/NASA Astrophysics Data System}
}


@ARTICLE{nuevo_2013,
   author = {{Nuevo}, F.~A. and {Huang}, Z. and {Frazin}, R. and {Manchester}, iv, W.~B. and 
	{Jin}, M. and {V{\'a}squez}, A.~M.},
    title = "{Evolution of the Global Temperature Structure of the Solar Corona during the Minimum between Solar Cycles 23 and 24}",
  journal = {\apj},
 keywords = {Sun: corona, Sun: evolution, Sun: magnetic topology, Sun: UV radiation, sunspots },
     year = 2013,
    month = aug,
   volume = 773,
      eid = {9},
    pages = {9-22},
      doi = {10.1088/0004-637X/773/1/9},
   adsurl = {http://adsabs.harvard.edu/abs/2013ApJ...773....9N},
  adsnote = {Provided by the SAO/NASA Astrophysics Data System}
}

@ARTICLE{lamy_2014,
   author = {{Lamy}, P. and {Barlyaeva}, T. and {Llebaria}, A. and {Floyd}, O.
	},
    title = "{Comparing the solar minima of cycles 22/23 and 23/24: The view from LASCO white light coronal images}",
  journal = {Journal of Geophysical Research (Space Physics)},
 keywords = {solar corona, coronal mass ejections},
     year = 2014,
    month = jan,
   volume = 119,
    pages = {47-58},
      doi = {10.1002/2013JA019468},
   adsurl = {http://adsabs.harvard.edu/abs/2014JGRA..119...47L},
  adsnote = {Provided by the SAO/NASA Astrophysics Data System}
}

@ARTICLE{toth_2011,
   author = {{T{\'o}th}, G. and {van der Holst}, B. and {Huang}, Z.},
    title = "{Obtaining Potential Field Solutions with Spherical Harmonics and Finite Differences}",
  journal = {\apj},
archivePrefix = "arXiv",
   eprint = {1104.5672},
 primaryClass = "astro-ph.SR",
 keywords = {magnetic fields, methods: numerical, Sun: corona, Sun: surface magnetism},
     year = 2011,
    month = may,
   volume = 732,
      eid = {102},
    pages = {102},
      doi = {10.1088/0004-637X/732/2/102},
   adsurl = {http://adsabs.harvard.edu/abs/2011ApJ...732..102T},
  adsnote = {Provided by the SAO/NASA Astrophysics Data System}
}
