@ARTICLE{hubble,
   author = {{Hubble}, E.},
    title = "{A Relation between Distance and Radial Velocity among Extra-Galactic Nebulae}",
  journal = {Proceedings of the National Academy of Science},
     year = 1929,
    month = mar,
   volume = 15,
    pages = {168-173},
      doi = {10.1073/pnas.15.3.168},
   adsurl = {http://esoads.eso.org/abs/1929PNAS...15..168H},
  adsnote = {Provided by the SAO/NASA Astrophysics Data System}
}	